@Comment А вот так оформляется библиография при помощи BibTeX.

@Book{UNIX_Internals,
  author =		 {Юреш Вахалия},
  title = 		 {UNIX изнутри},
  year = 		 {2003},
  language =     "russian"
}

@Book{UNIX_Prof_prog,
  author =		 {Уильям Ричард Стивенс, Стивен А. Раго},
  title = 		 {UNIX. Профессиональное программирование},
  year = 		 {2010},
  language =     "russian"
}


