@Comment А вот так оформляется библиография при помощи BibTeX.

@Book{UNIX_Internals,
author =		 {Юреш Вахалия},
title = 		 {UNIX изнутри},
year = 		 {2003},
language =     "russian"
}

@Book{UNIX_Prof_prog,
author =		 {Уильям Ричард Стивенс, Стивен А. Раго},
title = 		 {UNIX. Профессиональное программирование},
year = 		 {2010},
language =     "russian"
}

@misc{rus-linux.net_VFS,
author = "rus-linux.net",
title = "Virtual Filesystem (VFS)",
year = "2016",
howpublished = "\url{http://rus-linux.net/MyLDP/BOOKS/lki-ru/lki-3.html}",
note = "[Online; accessed 28-May-2016]"
}

@misc{IBM_lproc,
  author = "М. Тим Джонс",
  title = "Доступ к ядру Linux через файловую систему /proc",
  year = "2008",
  howpublished = "\url{http://www.ibm.com/developerworks/ru/library/l-proc/}",
}

@misc{Dawson_Lockless,
  author = "Brus Dawson",
  title = "Lockless programming"
}

@Book{Lav_Linux_kernel,
author =     {Роберт Лав},
title =      {Ядро Linux. Описание процесса разработки},
year =     {2014},
language =     "russian"
}

@Book{UNIX_Stiv_net_app,
  author =     {Уильям Ричард Стивенс},
  title =      {UNIX. Разработка сетевых приложений},
  year =     {2003},
  language =     "russian"
}

@misc{IBM_models_io,
  author = "Олег Цилюрик",
  title = "Инструменты ОС Linux для разработчиков приложений для ОС Windows. Часть 17. Расширенные операции ввода-вывода",
  year = "2014",
  howpublished = "\url{https://www.ibm.com/developerworks/ru/library/linux_windows_17/}",
}

@misc{David_async,
  author = "David Maccel",
  title = "что то асинхронное и события",
}











@Book{IBM360,
  author = {С. Медник, Дж. Донован.},
  title = {IBM 360}
}

@misc{Kuznets_blesk,
  author = "Сергей Кузнецов",
  title = "Блеск и нищета легковесных процессов.",
  year = "1996",
  howpublished = "\url{http://www.osp.ru/cw/1996/31/13520/}",
}

@Book{C_Deitel2,
  author =     {Пол Дейтел, Харви Дейтел},
  title =      {Как программировать на С},
  year =     {2014},
  language =     "russian"
}

@Book{Rih_Win_prof,
  author =     {Джеффри Рихтер},
  title =      {Windows для профессионалов.},
  year =     {2001},
  language =     "russian"
}

@Book{Soltis_AS400,
  author =     {Фрэнк Солтис},
  title =      {Основы AS|400},
  language =     "russian"
}

@Book{Show_Logic_os,
  author =     {Алан С. Шоу},
  title =      {Логическое проектирование операционных систем},
  year =     {1981},
  language =     "russian"
}