@Book{kostomin,
author =     {Костромин},
title =      {Linux для пользователя},
publisher =    {БХВ-Петербург},
year =     {2002},
language =     "russian"
}

@Book{ldd,
author =     {Jessica McKellar, Alessandro Rubini, Jonathan Corbet, Greg Kroah-Hartman},
title =      {Linux Device Drivers},
publisher =    {O'Reilly Media},
year =     {2016},
}

@Book{eldd,
author =     {Alan Cox},
title =      {Essential Linux Device Drivers},
}

@misc{habrahabr-jack,
author = "@CooperMaster Liang Lee",
title = "О передаче данных через аудиоразъём",
howpublished = "\url{https://habrahabr.ru/company/intel/blog/258495/}",
note = "[Online; accessed 25-October-2016]"
}

@misc{stackoverflow-android_push,
author = "Yashwanth Krishnan",
title = "How to capture key events from bluetooth headset with android",
howpublished = "\url{http://stackoverflow.com/questions/17819649/how-to-capture-key-events-from-bluetooth-headset-with-android/17983446#17983446}",
note = "[Online; accessed 25-October-2016]"
}

@misc{gambiarraemcasa,
title = "Gambiarra em casa",
howpublished = "\url{http://gambiarraemcasa.blogspot.ru/2014/06/osciloscopio-usb-usb-oscilloscope.html}",
note = "[Online; accessed 25-October-2016]"
}

@misc{procomputer-pc,
title = "Какие компьютеры бывают, виды и типы компьютеров",
howpublished = "\url{http://procomputer.su/osnovy-kompyutera/9-kakie-kompyutery-byvayut-vidy-i-tipy-kompyuterov}",
note = "[Online; accessed 25-October-2016]"
}

@misc{kkg-jack,
title = "Разъем джек и мини-джек - Часть 1 - Как подключить микрофон к компьютеру",
howpublished = "\url{http://kkg.by/kak-ustroen-computer/29-razem-dzhek-i-mini-dzhek-kak-podklyuchit-mikrofon-k-kompyuteru.html}",
note = "[Online; accessed 25-October-2016]"
}

@misc{wiki-trs,
author = "Wikipedia",
title = "Разъём TRS",
year = "2016",
howpublished = "\url{https://ru.wikipedia.org/wiki/%D0%A0%D0%B0%D0%B7%D1%8A%D1%91%D0%BC_TRS}",
note = "[Online; accessed 25-October-2016]"
}

@misc{wiki-io,
author = "Wikipedia",
title = "Устройства ввода-вывода",
year = "2016",
howpublished = "\url{https://ru.wikipedia.org/wiki/%D0%A3%D1%81%D1%82%D1%80%D0%BE%D0%B9%D1%81%D1%82%D0%B2%D0%BE_%D0%B2%D0%B2%D0%BE%D0%B4%D0%B0-%D0%B2%D1%8B%D0%B2%D0%BE%D0%B4%D0%B0}",
note = "[Online; accessed 25-October-2016]"
}

@misc{wiki-mob_os,
author = "Wikipedia",
title = "Мобильная операционная система",
year = "2016",
howpublished = "\url{https://ru.wikipedia.org/wiki/%D0%9C%D0%BE%D0%B1%D0%B8%D0%BB%D1%8C%D0%BD%D0%B0%D1%8F_%D0%BE%D0%BF%D0%B5%D1%80%D0%B0%D1%86%D0%B8%D0%BE%D0%BD%D0%BD%D0%B0%D1%8F_%D1%81%D0%B8%D1%81%D1%82%D0%B5%D0%BC%D0%B0}",
note = "[Online; accessed 25-October-2016]"
}

@misc{wiki-microphone,
author = "Wikipedia",
title = "Микрофон",
year = "2016",
howpublished = "\url{https://ru.wikipedia.org/wiki/%D0%9C%D0%B8%D0%BA%D1%80%D0%BE%D1%84%D0%BE%D0%BD}",
note = "[Online; accessed 25-October-2016]"
}

@misc{wiki-loudspeaker_enclosure,
author = "Wikipedia",
title = "Акустическая система",
year = "2016",
howpublished = "\url{https://ru.wikipedia.org/wiki/%D0%90%D0%BA%D1%83%D1%81%D1%82%D0%B8%D1%87%D0%B5%D1%81%D0%BA%D0%B0%D1%8F_%D1%81%D0%B8%D1%81%D1%82%D0%B5%D0%BC%D0%B0}",
note = "[Online; accessed 25-October-2016]"
}

@misc{wiki-oss,
author = "Wikipedia",
title = "Open Sound System",
year = "2016",
howpublished = "\url{https://ru.wikipedia.org/wiki/Open_Sound_System}",
note = "[Online; accessed 25-October-2016]"
}

@misc{wiki-alsa,
author = "Wikipedia",
title = "ALSA",
year = "2016",
howpublished = "\url{https://ru.wikipedia.org/wiki/ALSA}",
note = "[Online; accessed 25-October-2016]"
}

@misc{lwn-mckp,
title = "Morse code kernel panics",
year = "2003",
howpublished = "\url{https://lwn.net/Articles/21858/}",
note = "[Online; accessed 25-October-2016]"
}

@misc{allmbs-bios,
title = "РАСШИФРОВКА ЗВУКОВЫХ СИГНАЛОВ BIOS",
year = "2012",
howpublished = "\url{http://www.allmbs.ru/bios-01.html}",
note = "[Online; accessed 25-October-2016]"
}


